@book{tesisG,
  author = {López Campos, Graciela},
  year = {2015},
  title = {Implementaciones funcionales de árboles roji-negros},
  publisher = {TESIUNAM},
  note = "\url{http://tesis.unam.mx/} [Consultado el 12 de enero de 2020]"
}

@online{MSetRBT,
  author = {Andrew W. Appel, Pierre Letouzey},
  title = {MSetRBT : Implementation of MSetInterface via Red-Black trees},
  year = 2011,
  note = "\url{https://coq.inria.fr/library/Coq.MSets.MSetRBT.html} [Consultado el 18 de enero de 2020]"
}

@book{appel,
  author = {Andrew W. Appel},
  year = {2018},
  title = {Software foundations, VOLUME 3, Verified Functional Algorithms},
  note = "\url{https://softwarefoundations.cis.upenn.edu/current/vfa-current/index.html} [Consultado el 18 de enero de 2020]"
}

@article{thrc,
 author = {Antal Spector-Zabusky, Joachim Breitner, Christine Rizkallah, Stephanie Weirich},
 title = {Total Haskell is Reasonable Coq},
 year = {2018},
note = "\url{https://arxiv.org/pdf/1711.09286.pdf} [Consultado el 11 de mayo de 2020]",
}

@online{RBTypes,
  author = {Stefan Kahrs},
  title = {FUNCTIONAL PEARLS Red-Black Trees with Types},
  year = 2001,
  note = "\url{https://www.researchgate.net/publication/259413698_Red-black_trees_with_types} [Consultado el 28 de marzo de 2020]"
}

@article{classes,
 author = {Pierre Castéran, Matthieu Sozeau},
 title = {A Gentle Introduction to Type Classes and
Relations in Coq},
 year = {2016},
note = "\url{https://www.labri.fr/perso/casteran/CoqArt/TypeClassesTut/typeclassestut.pdf} [Consultado el 12 de enero de 2020]",
}


@online{Currying,
  title = {Currying},
  year = 2020,
  note = "\url{https://wiki.haskell.org/Currying} [Consultado el 29 de abril de 2020]"
}
